@article{klein2022neural,
  title={Neural Networks for Chess},
  author={Klein, Dominik},
  journal={arXiv preprint arXiv:2209.01506},
  year={2022}
}